@article{Fischer2015,
  title =		 "Definitions and determination of crop yield, yield
                  gaps, and of rates of change ",
  journal =		 "Field Crops Research ",
  volume =		 182,
  pages =		 "9 - 18",
  year =		 2015,
  note =		 "SI:Yield potential ",
  issn =		 "0378-4290",
  doi =			 "http://doi.org/10.1016/j.fcr.2014.12.006",
  url =
                  "http://www.sciencedirect.com/science/article/pii/S0378429014003396",
  author =		 "R.A. Fischer",
  keywords =	 "Yield definitions",
  keywords =	 "Farm yield",
  keywords =	 "Potential yield",
  keywords =	 "Yield gap",
  keywords =	 "Economic yield",
  keywords =	 "Yield progress "
}

@article{Peng2010,
  title =		 "The importance of maintenance breeding: A case study
                  of the first miracle rice variety-IR8 ",
  journal =		 "Field Crops Research ",
  volume =		 "119",
  number =		 "2â€“3",
  pages =		 "342 - 347",
  year =		 "2010",
  note =		 "",
  issn =		 "0378-4290",
  doi =			 "http://doi.org/10.1016/j.fcr.2010.08.003",
  url =
                  "http://www.sciencedirect.com/science/article/pii/S0378429010002066",
  author =		 "Shaobing Peng and Jianliang Huang and Kenneth
                  G. Cassman and Rebecca C. Laza and Romeo M. Visperas
                  and Gurdev S. Khush",
  keywords =	 "Grain yield",
  keywords =	 "IR8",
  keywords =	 "Maintenance breeding",
  keywords =	 "Old varieties",
  keywords =	 "Yield potential "
}

@inProceedings{Datta1995,
  author =		 {S. K. {De Datta} and D. C. Olk and J. Alcantara and
                  M. Samson},
  title =		 "Yield Decline and the Nitrogen Economy of Long-term
                  Experiments on Continuous, Irrigated Rice Systems in
                  the Tropics",
  year =		 {1995},
  booktitle =	 {Workshop on Long-Term Soil Management Experiments},
  publisher =	 {Ohio State University},
  pages =		 {181--222}
}

@article{Peng2000,
  title =		 {Grain Yield of Rice Cultivars and Lines Developed in
                  the {Philippines} since 1966},
  author =		 {Peng, S. and Laza, R.C. and Visperas, R.M. and
                  Sanico, A.L. and Cassman, K.G. and Khush, G.S.},
  year =		 2000,
  journal =		 {Crop Science},
  doi =			 {10.2135/cropsci2000.402307x},
  url =			 {http://dx.doi.org/10.2135/cropsci2000.402307x},
  pages =		 {307--314},
  volume =		 40
}
@incollection{Foulkes2015,
  title =		 "Chapter 16 - Breeding challenge: improving yield
                  potential ",
  editor =		 "Sadras, Victor O.  and Calderini, Daniel F. ",
  booktitle =	 "Crop Physiology (Second Edition) ",
  publisher =	 "Academic Press",
  edition =		 "Second Edition",
  address =		 "San Diego",
  year =		 "2015",
  pages =		 "397 - 421",
  isbn =		 "978-0-12-417104-6",
  doi =			 "http://doi.org/10.1016/B978-0-12-417104-6.00016-9",
  url =
                  "http://www.sciencedirect.com/science/article/pii/B9780124171046000169",
  author =		 "M.J. Foulkes and M.P. Reynolds",
  keywords =	 "yield potential",
  keywords =	 "wheat",
  keywords =	 "rice",
  keywords =	 "maize",
  keywords =	 "biomass",
  keywords =	 "harvest index",
  keywords =	 "radiation-use efficiency",
  keywords =	 "traits "
}
@article{Peng1998,
  title =		 {Yield Potential Trends of Tropical Rice since the
                  Release of IR8 and the Challenge of Increasing Rice
                  Yield Potential},
  author =		 {Peng, S. and Cassman, K.G. and Virmani, S.S. and
                  Sheehy, J. and Khush, G.S.},
  year =		 1999,
  journal =		 {Crop Science},
  doi =			 {10.2135/cropsci1999.3961552x},
  url =			 {http://dx.doi.org/10.2135/cropsci1999.3961552x},
  pages =		 {1552 --1559},
  volume =		 39
}

@article{peng2009,
  title =		 {Current status and challenges of rice production in
                  China},
  author =		 {Peng, Shaobing and Tang, Qiyuan and Zou, Yingbin},
  journal =		 {Plant Production Science},
  volume =		 {12},
  number =		 {1},
  pages =		 {3--8},
  year =		 {2009},
  publisher =	 {Crop Science Society of Japan}
}

@article {Nie2009,
  author =		 {Nie, Lixiao and Peng, Shaobing and Bouman, Bas
                  A.M. and Huang, Jianliang and Cui, Kehui and
                  Visperas, Romeo M. and Xiang, Jing},
  title =		 {Alleviating soil sickness caused by aerobic
                  monocropping: Responses of aerobic rice to various
                  nitrogen sources},
  journal =		 {Soil Science and Plant Nutrition},
  volume =		 {55},
  number =		 {1},
  publisher =	 {Blackwell Publishing Asia},
  issn =		 {1747-0765},
  url =			 {http://dx.doi.org/10.1111/j.1747-0765.2008.00338.x},
  doi =			 {10.1111/j.1747-0765.2008.00338.x},
  pages =		 {150--159},
  keywords =	 {aerobic rice, ammonium sulfate, nitrogen source,
                  soil sickness, urea},
  year =		 {2009},
}

@article{Grassini2013,
  author =		 {Grassini, Patricio and Eskridge, Kent M and Cassman,
                  Kenneth G},
  doi =			 {10.1038/ncomms3918},
  issn =		 {2041-1723},
  journal =		 {Nat. Commun.},
  pages =		 {2918},
  pmid =		 {24346131},
  publisher =	 {Nature Publishing Group},
  title =		 {{Distinguishing between yield advances and yield
                  plateaus in historical crop production trends.}},
  url =
                  {http://www.nature.com/ncomms/2013/131217/ncomms3918/full/ncomms3918.html},
  volume =		 {4},
  year =		 {2013}
}

@misc{USDA-NASS,
  author =		 {{US Department of Agriculture - National
                  Agricultural Statistics Service}},
  title =		 {QuickStats2.0},
  year =		 {2016},
  url =			 {http://quickstats.nass.usda.gov/},
  note =		 {Accessed Jan 2015}
}

@article{Tittonell2014,
  author =		 {Tittonell, Pablo},
  doi =			 {10.1016/j.cosust.2014.08.006},
  isbn =		 {1877-3435},
  issn =		 {18773435},
  journal =		 {Curr. Opin. Environ. Sustain.},
  pages =		 {53--61},
  publisher =	 {Elsevier B.V.},
  title =		 {{Ecological intensification of
                  agriculture-sustainable by nature}},
  url =			 {http://dx.doi.org/10.1016/j.cosust.2014.08.006},
  volume =		 {8},
  year =		 {2014}
}

@article{Lobell2009,
  author =		 {Lobell, David B. and Cassman, Kenneth G. and Field,
                  Christopher B.},
  doi =			 {10.1146/annurev.environ.041008.093740},
  isbn =		 {1543-5938},
  issn =		 {1543-5938},
  journal =		 {Annu. Rev. Environ. Resour.},
  keywords =	 {agriculture,climate uncertainty,food
                  production,yield constraints},
  pages =		 {179--204},
  title =		 {{Crop Yield Gaps: Their Importance, Magnitudes, and
                  Causes}},
  volume =		 {34},
  year =		 {2009}
}

@article{Mueller2012,
  author =		 {Mueller, Nathaniel D. and Gerber, James S. and
                  Johnston, Matt and Ray, Deepak K. and Ramankutty,
                  Navin and Foley, Jonathan A.},
  doi =			 {10.1038/nature11420},
  isbn =		 {0028-0836},
  issn =		 {0028-0836},
  journal =		 {Nature},
  number =		 {7419},
  pages =		 {254--257},
  pmid =		 {22932270},
  publisher =	 {Nature Publishing Group},
  title =		 {{Closing yield gaps through nutrient and water
                  management}},
  url =			 {http://dx.doi.org/10.1038/nature11420},
  volume =		 {490},
  year =		 {2012}
}

@article{Foley2011a,
  author =		 {Jonathan A. Foley and Ramankutty, Navin and Brauman,
                  Kate A. and Cassidy, Emily S. and Gerber, James
                  S. and Johnston, Matt and Mueller, Nathaniel D. and
                  O'Connell, Christine and Ray, Deepak K. and West,
                  Paul C. and Balzer, Christian and Bennett, Elena
                  M. and Sheehan, John and Siebert, Stefan and
                  Carpenter, Stephen R. and Hill, Jason and Monfreda,
                  Chad and Polasky, Stephen and Rockstro, Johan and
                  Tilman, David and Zaks, David P. M.},
  doi =			 {10.1038/nature10452},
  isbn =		 {0028-0836},
  issn =		 {0028-0836},
  journal =		 {Nature},
  number =		 {7369},
  pages =		 {337--342},
  pmid =		 {21993620},
  title =		 {{Solutions for a cultivated planet}},
  volume =		 {478},
  year =		 {2011}
}

@article{Godfray2010,
  ISSN =		 {00368075, 10959203},
  URL =			 {http://www.jstor.org/stable/40509896},
  author =		 {H. Charles J. Godfray and John R. Beddington and Ian
                  R. Crute and Lawrence Haddad and David Lawrence and
                  James F. Muir and Jules Pretty and Sherman Robinson
                  and Sandy M. Thomas and Camilla Toulmin},
  journal =		 {Science},
  number =		 {5967},
  pages =		 {812-818},
  publisher =	 {American Association for the Advancement of Science},
  title =		 {Food Security: The Challenge of Feeding 9 Billion
                  People},
  volume =		 {327},
  year =		 {2010}
}

@Manual{R,
  title =		 {R: A Language and Environment for Statistical
                  Computing},
  author =		 {{R Core Team}},
  organization = {R Foundation for Statistical Computing},
  address =		 {Vienna, Austria},
  year =		 {2017},
  url =			 {https://www.R-project.org/},
}

@article{m202,
  author =		 {C.W. Johnson and H.L. Carnahan and S.T. Tseng and
                  J.J. Oster and J.E. Hill},
  title =		 {Registration of {`M-202'} rice},
  url =
                  {http://archive.gramene.org/newsletters/varieties/M-202.html},
  journal =		 {Crop Sci.},
  year =		 {1985}
}

@article{m209,
  title =		 {M-209 rice: description and management guidelines},
  author =		 {{University of California Cooperative Extension}},
  year =		 2016,
  url =			 {http://rice.ucanr.edu/files/234720.pdf},
  note =		 {{Accessed: 2017-04-10}}
}

@Misc{rstanarm,
  title =		 {rstanarm: {Bayesian} applied regression modeling via
                  {Stan}.},
  author =		 {{Stan Development Team}},
  note =		 {R package version 2.13.1},
  year =		 {2016},
  url =			 {http://mc-stan.org/},
}

@Manual{stan,
  title =		 {Stan Modeling Language Users Guide and Reference
                  Manual, Version 2.15.0.},
  author =		 {{Stan Development Team}},
  year =		 {2017},
  url =			 {http://mc-stan.org}
}

@misc{ssurgo,
  author =		 {{Soil Survey Staff}},
  organization = {{Natural Resources Conservation Service, United
                  States Department of Agriculture}},
  title =		 {{Soil Survey Geographic (SSURGO) Database}},
  year =		 {2017},
  url =			 {https://sdmdataaccess.sc.egov.usda.gov},
  note =		 {{Accessed: 2017-04-17}}
}

@misc{ccrrf,
  author =		 {{California Cooperative Rice Research Foundation}},
  title =		 {Breeding program summary},
  year =		 {2017},
  url =			 {http://www.crrf.org/ccrrf_res-v44_008.htm},
  note =		 {{Accessed: 2017-04-25}}
}
@article{Lundy2012,
  title =		 "Managing phosphorus fertilizer to reduce algae,
                  maintain water quality, and sustain yields in
                  water-seeded rice ",
  journal =		 "Field Crops Research ",
  volume =		 "131",
  number =		 "",
  pages =		 "81 - 87",
  year =		 "2012",
  note =		 "",
  issn =		 "0378-4290",
  doi =			 "https://doi.org/10.1016/j.fcr.2012.03.005",
  url =
                  "http://www.sciencedirect.com/science/article/pii/S0378429012000986",
  author =		 "Mark E. Lundy and David F. Spencer and Chris Van
                  Kessel and James E. Hill and Bruce A. Linquist",
  keywords =	 "Blue-green algae",
  keywords =	 "Cyanobacteria",
  keywords =	 "Fertilizer timing",
  keywords =	 "Nostoc spongiaeforme",
  keywords =	 "Phosphorus",
  keywords =	 "Water-seeded rice "
}

@article{Lundy2015,
  title =		 "Nitrogen fertilization reduces yield declines
                  following no-till adoption ",
  journal =		 "Field Crops Research ",
  volume =		 "183",
  number =		 "",
  pages =		 "204 - 210",
  year =		 "2015",
  note =		 "",
  issn =		 "0378-4290",
  doi =			 "https://doi.org/10.1016/j.fcr.2015.07.023",
  url =
                  "http://www.sciencedirect.com/science/article/pii/S0378429015300216",
  author =		 "Mark E. Lundy and Cameron M. Pittelkow and Bruce
                  A. Linquist and Xinqiang Liang and Kees Jan van
                  Groenigen and Juhwan Lee and Johan Six and Rodney
                  T. Venterea and Chris van Kessel",
  keywords =	 "Tillage",
  keywords =	 "Nitrogen fertilizer",
  keywords =	 "No-till duration",
  keywords =	 "Residue",
  keywords =	 "Rotation",
  keywords =	 "Tropical/subtropical",
  keywords =	 "Temperate",
  keywords =	 "Meta-analysis "
}

@article{linquist2009,
  journal =		 {Agronomy Journal},
  title =		 {Assessing the Necessity of Surface-Applied Preplant
                  Nitrogen Fertilizer in Rice Systems},
  author =		 {Linquist, Bruce A. and Hill, James E. and Mutters,
                  Randall G. and Greer, Christopher A. and Hartley,
                  Christopher and Ruark, Matthew D. and van Kessel,
                  Chris},
  year =		 {2009},
  doi =			 {10.2134/agronj2008.0230x},
  url =			 {http://dx.doi.org/10.2134/agronj2008.0230x},
  pages =		 {906 -- 915},
  volume =		 101,
  issue =		 4
}

@Article{Saito2008,
  author =		 "Saito, K.  and Linquist, B.  and Johnson, D. E.  and
                  Phengchanh, S.  and Shiraiwa, T.  and Horie, T.",
  title =		 "Planted legume fallows reduce weeds and increase
                  soil N and P contents but not upland rice yields",
  journal =		 "Agroforestry Systems",
  year =		 "2008",
  volume =		 "74",
  number =		 "1",
  pages =		 "63--72",
  issn =		 "1572-9680",
  doi =			 "10.1007/s10457-008-9149-y",
  url =			 "http://dx.doi.org/10.1007/s10457-008-9149-y"
}

@article{Pittelkow2012,
  title =		 "Agronomic productivity and nitrogen requirements of
                  alternative tillage and crop establishment systems
                  for improved weed control in direct-seeded rice ",
  journal =		 "Field Crops Research ",
  volume =		 "130",
  number =		 "",
  pages =		 "128 - 137",
  year =		 "2012",
  note =		 "",
  issn =		 "0378-4290",
  doi =			 "https://doi.org/10.1016/j.fcr.2012.02.011",
  url =
                  "http://www.sciencedirect.com/science/article/pii/S037842901200055X",
  author =		 "C.M. Pittelkow and A.J. Fischer and M.J. Moechnig
                  and J.E. Hill and K.B. Koffler and R.G. Mutters and
                  C.A. Greer and Y.S. Cho and C. van Kessel and
                  B.A. Linquist",
  keywords =	 "Direct-seeded rice",
  keywords =	 "Crop establishment",
  keywords =	 "Tillage",
  keywords =	 "Weeds",
  keywords =	 "Grain yield",
  keywords =	 "Nitrogen fertilizer management "
}

@Article{linquist2008,
  author =		 {B.A. Linquist and A. Fischer and L. Godfrey and C. Greer and J. Hill
                  and K. Koffler and M. Moeching and R. Mutters and C. van
                  Kessel},
  title =		 {Minimum till Could benefit California rice farmers},
  journal =		 {California Agriculture},
  year =		 {2008},
  volume =		 {62},
  OPTpages =	 {24--29},
}

@article{mckenzie1993,
  title =		 {Breeding for rice quality},
  author =		 {McKenzie, Kent S},
  journal =		 {FOOD SCIENCE AND TECHNOLOGY-NEW YORK-MARCEL DEKKER-},
  pages =		 {83--83},
  year =		 {1993},
  publisher =	 {MARCEL DEKKER AG}
}

@article{mckenzie1994,
  title =		 {Breeding improved rice cultivars for temperate
                  regions: a case study},
  author =		 {McKenzie, KS and Johnson, CW and Tseng, ST and
                  Oster, JJ and Brandon, DM},
  journal =		 {Animal Production Science},
  volume =		 {34},
  number =		 {7},
  pages =		 {897--905},
  year =		 {1994},
  publisher =	 {CSIRO}
}


@Misc{loo,
  title =		 {loo: Efficient leave-one-out cross-validation and
                  WAIC for Bayesian models},
  author =		 {Aki Vehtari and Andrew Gelman and Jonah Gabry},
  year =		 {2016},
  note =		 {R package version 1.1.0},
  url =			 {https://CRAN.R-project.org/package=loo},
}

@Article{loo_paper,
  title =		 {Practical Bayesian model evaluation using
                  leave-one-out cross-validation and WAIC},
  author =		 {Aki Vehtari and Andrew Gelman and Jonah Gabry},
  year =		 {2016},
  journal =		 {Statistics and Computing},
  doi =			 {10.1007/s11222-016-9696-4},
}

@misc{Omar2014,
  title =		 {California Rice Breeding: Yield Performance of
                  Semi-Dwarf Cultivars Released by the Rice Experiment
                  Station},
  year =		 {2014},
  author =		 {Stanley Omar PB. Samonte and Virgilio C. Andaya and
                  Farman Jodari and Jeffrey J. Oster and Cynthia
                  B. Andaya and Kent S. McKenzie},
  howpublished = {Poster},
  url =
                  {http://www.crrf.org/linked/poster_-_2014_irc_-_yield_increase_rate_in_res.pdf}
}

@article{espe16a,
  title =		 {Yield gap analysis of {US} rice production systems
                  shows opportunities for improvement},
  author =		 {Matthew B. Espe and Haishun Yang and Kenneth
                  G. Cassman and Nicolas Guilpart and Hussain Sharifi
                  and Bruce A. Linquist},
  journal =		 {Field Crops Research},
  year =		 {2016},
  volume =		 {193},
  pages =		 {123--132},
  doi =			 {10.1016/j.fcr.2016.04.003}
}
@article {espe2017,
  author =		 {Matthew B. Espe and Hill, Jim E. and Hijmans, Robert
                  J. and McKenzie, Kent and Mutters, Randall and
                  Espino, Luis A. and Leinfelder-Miles, Michelle and
                  van Kessel, Chris and Linquist, Bruce A.},
  title =		 {Point stresses during reproductive stage rather than
                  warming seasonal temperature determine yield in
                  temperate rice},
  year =		 {2017},
  journal =		 {Global Change Biology},
  issn =		 {1365-2486},
  url =			 {http://dx.doi.org/10.1111/gcb.13719},
  doi =			 {10.1111/gcb.13719},
  pages =		 {},
  keywords =	 {climate change, cold sterility, respiration, rice,
                  temperature, yield potential},
}

@misc{ucce,
  title =		 {Rice Production Workshop Manual},
  author =		 {{University of California Cooperative Extension Staff}},
  year =		 {2016},
  url =          {http://rice.ucanr.edu/Reports-Publications/Rice_Production_Workshop_Manual/}
}
@article{lobell2011,
  title =		 {Climate trends and global crop production since
                  1980},
  author =		 {Lobell, David B and Schlenker, Wolfram and
                  Costa-Roberts, Justin},
  journal =		 {Science},
  volume =		 {333},
  number =		 {6042},
  pages =		 {616--620},
  year =		 {2011},
  publisher =	 {American Association for the Advancement of Science}
}

@misc{FAO2016,
  title =		 {Production quantities by country},
  author =		 {{FAOSTAT}},
  year =		 {2016},
  journal =		 {Food and Agriculture Organization of the United
                  Nations Statistics Division},
  url =			 {http://faostat3.fao.org/},
  note =		 {Accessed March 2017}
}

@article{grassini2011,
  author =		 {Grassini,P. and Thornburn,J. and Burr,C. and
                  Cassman,K. G.},
  year =		 {2011},
  title =		 {High-yield irrigated maize in the {Western US Corn
                  Belt}. On-farm yield, yield potential, and impact of
                  agronomic practices},
  journal =		 {Field Crops Res.},
  volume =		 {120},
  pages =		 {144-152},
}

@article{tilman1999,
  author =		 {David Tilman and Christian Balzer and Jason Hill and
                  Belinda L. Befort},
  title =		 {Global food demand and the sustainable
                  intensification of agriculture},
  journal =		 {Proceedings of the National Academy of Science},
  year =		 {2011},
  volume =		 {108(50)},
  pages =		 {20260--20264},
  doi =			 {10.1073/pnas.1116437108}
}

@article{van2013,
  title =		 {Increased greenhouse-gas intensity of rice
                  production under future atmospheric conditions},
  author =		 {{Van Groenigen}, Kees Jan and {Van Kessel}, Chris and
                  Hungate, Bruce A},
  journal =		 {Nature Climate Change},
  volume =		 {3},
  number =		 {3},
  pages =		 {288--291},
  year =		 {2013},
  publisher =	 {Nature Research}
}

@incollection{mckenzie2014,
  author =		 {McKenzie, K.S. and X. Sha and K.A.K. Moldenhauer and
                  S.D. Linscombe and N.B. Lyman and L.L. Nalley},
  year =		 2014,
  title =		 Rice,
  editor =		 {S. Smith and B. Diers and J. Specht and B. Carver},
  booktitle =	 {Yield Gains in Major U.S. Field Crops},
  volumn =		 {{CSSA} Spec. Publ. 33},
  publisher =	 {ASA, CSSA, and SSSA},
  address =		 {Madison, WI.},
  pages =		 {267--292},
  doi =			 {10.2135/cssaspecpub33.c10}
}

@Article{Mackay2011,
  author =		 "Mackay, I.  and Horwell, A.  and Garner, J.  and
                  White, J.  and McKee, J.  and Philpott, H.",
  title =		 "Reanalyses of the historical series of UK variety
                  trials to quantify the contributions of genetic and
                  environmental factors to trends and variability in
                  yield over time",
  journal =		 "Theoretical and Applied Genetics",
  year =		 "2011",
  month =		 "Jan",
  day =			 "01",
  volume =		 "122",
  number =		 "1",
  pages =		 "225--238",
  issn =		 "1432-2242",
  doi =			 "10.1007/s00122-010-1438-y",
  url =			 "https://doi.org/10.1007/s00122-010-1438-y"
}

@article{vanIttersum2013,
  title =		 "Yield gap analysis with local to global relevanceâ€”A
                  review",
  journal =		 "Field Crops Research",
  volume =		 "143",
  pages =		 "4 - 17",
  year =		 "2013",
  note =		 "Crop Yield Gap Analysis â€“ Rationale, Methods and
                  Applications",
  issn =		 "0378-4290",
  doi =			 "https://doi.org/10.1016/j.fcr.2012.09.009",
  url =
                  "http://www.sciencedirect.com/science/article/pii/S037842901200295X",
  author =		 "Martin K. van Ittersum and Kenneth G. Cassman and
                  Patricio Grassini and Joost Wolf and Pablo Tittonell
                  and Zvi Hochman",
  keywords =	 "Food security, Yield potential, Water-limited yield
                  potential, Yield gaps, Boundary function, Crop
                  simulation models, Cropping system"
}